<?xml version="1.0" encoding="UTF-8"?><record xmlns="http://www.loc.gov/MARC21/slim" xmlns:cinclude="http://apache.org/cocoon/include/1.0" xmlns:zs="http://www.loc.gov/zing/srw/">
  <leader>00639cz  a2200169n  4500</leader>
  <controlfield tag="001">n  97123871 </controlfield>
  <controlfield tag="003">DLC</controlfield>
  <controlfield tag="005">20001121070828.0</controlfield>
  <controlfield tag="008">971217n| acannaabn          |a aaa      </controlfield>
  <datafield tag="010" ind1=" " ind2=" ">
    <subfield code="a">n  97123871 </subfield>
  </datafield>
  <datafield tag="035" ind1=" " ind2=" ">
    <subfield code="a">(OCoLC)oca04558501</subfield>
  </datafield>
  <datafield tag="040" ind1=" " ind2=" ">
    <subfield code="a">DLC</subfield>
    <subfield code="b">eng</subfield>
    <subfield code="c">DLC</subfield>
    <subfield code="d">DLC</subfield>
    <subfield code="d">OCoLC</subfield>
  </datafield>
  <datafield tag="100" ind1="1" ind2=" ">
    <subfield code="a">Rodríguez y Díaz-Llanos, Martín,</subfield>
    <subfield code="d">1879-1942</subfield>
  </datafield>
  <datafield tag="400" ind1="1" ind2=" ">
    <subfield code="a">Díaz-Llanos, Martín Rodríguez y,</subfield>
    <subfield code="d">1879-1942</subfield>
  </datafield>
  <datafield tag="400" ind1="1" ind2=" ">
    <subfield code="a">Llanos, Martín Rodríguez y Díaz- ,</subfield>
    <subfield code="d">1879-1942</subfield>
  </datafield>
  <datafield tag="670" ind1=" " ind2=" ">
    <subfield code="a">Martín Rodríguez y Díaz-Llanos (1879-1942), 1993.</subfield>
  </datafield>
  <datafield tag="675" ind1=" " ind2=" ">
    <subfield code="a">Dic. de his. de España, 1979;</subfield>
    <subfield code="a">Dic. encic. ilus. y crítico de los hombres de España, 1957</subfield>
  </datafield>
</record>